
@book{andrewsCastlesMorea2006,
  title = {Castles of the {{Morea}}},
  author = {Andrews, Kevin},
  date = {2006},
  publisher = {{American School of Classical Studies at Athens}},
  isbn = {1-62139-028-4}
}

@article{angoldGreeksLatins12041989,
  title = {Greeks and {{Latins}} after 1204: The Perspective of Exile},
  author = {Angold, Michael},
  date = {1989},
  journaltitle = {Mediterranean Historical Review},
  volume = {4},
  pages = {63--86},
  publisher = {{Taylor \& Francis}},
  doi = {10/dhnrm8},
  isbn = {0951-8967},
  number = {1}
}

@incollection{arbelByzantiumLatinRomania2012,
  title = {From {{Byzantium}} to {{Latin Romania}}: {{Continuity}} and {{Change}}: {{DAVID JACOBY}}},
  booktitle = {Latins and {{Greeks}} in the {{Eastern Mediterranean After}} 1204},
  author = {Arbel, Benjamin and Hamilton, Bernard and Jacoby, David},
  date = {2012},
  pages = {6--49},
  publisher = {{Routledge}}
}

@book{arbelLatinsGreeksEastern2012,
  title = {Latins and {{Greeks}} in the {{Eastern Mediterranean}} after 1204},
  author = {Arbel, Benjamin and Hamilton, Bernard and Jacoby, David},
  date = {2012},
  publisher = {{Routledge}},
  isbn = {1-136-28916-X}
}

@article{bennetFragmentaryGeoMetryEarly2007,
  title = {Fragmentary" {{Geo}}-{{Metry}}": {{Early Modern Landscapes}} of the {{Morea}} and {{Cerigo}} in {{Text}}, {{Image}}, and {{Archaeology}}},
  author = {Bennet, John},
  date = {2007},
  journaltitle = {Hesperia Supplements},
  volume = {40},
  pages = {199--217},
  publisher = {{JSTOR}},
  isbn = {1064-1173},
  keywords = {⛔ No DOI found}
}

@article{bennetPylosRegionalArchaeological2000,
  title = {Pylos {{Regional Archaeological Project}}, Part {{III}}: {{Sir William Gell}}'s Itinerary in the {{Pylia}} and Regional Landscapes in the {{Morea}} in the Second {{Ottoman}} Period},
  author = {Bennet, John and Davis, Jack L. and Zarinebaf-Shahr, Fariba},
  date = {2000},
  journaltitle = {Hesperia},
  pages = {343--380},
  publisher = {{JSTOR}},
  doi = {10/fgtcr6},
  file = {/Users/jenglaubius/Google Drive/Zotero/BennetEtAl/2000/BennetEtAl2000-Hesperia.pdf},
  isbn = {0018-098X}
}

@book{bonMoreeFranqueRecherches1969,
  title = {La {{Morée}} Franque: {{Recherches}} Historiques, Topographiques, et Archéologiques Sur La Principauté d’{{Achaïe}} (1205–1430)({{BÉFAR}} 213)},
  author = {Bon, A.},
  date = {1969},
  publisher = {{Paris}}
}

@book{brueJournalCampagneQue1870,
  title = {Journal de La Campagne Que Le Grand Vesir {{Ali Pacha}} a Faite En 1715 Pour La Conquête de La {{Morée}}},
  author = {Brue, Benjamin},
  date = {1870},
  volume = {108},
  publisher = {{Vivliopōleion N. Karavia}}
}

@incollection{brumfieldAgricultureRuralSettlement2002,
  title = {Agriculture and Rural Settlement in {{Ottoman Crete}}, 1669–1898},
  booktitle = {A {{Historical Archaeology}} of the {{Ottoman Empire}}},
  author = {Brumfield, Allaire},
  date = {2002},
  pages = {37--78},
  publisher = {{Springer}}
}

@article{charanisChronicleMonemvasiaQuestion1950,
  title = {The {{Chronicle}} of {{Monemvasia}} and the Question of the {{Slavonic}} Settlements in {{Greece}}},
  author = {Charanis, Peter},
  date = {1950},
  journaltitle = {Dumbarton Oaks Papers},
  volume = {5},
  pages = {139--166},
  publisher = {{JSTOR}},
  doi = {10/b4swzs},
  isbn = {0070-7546}
}

@article{daviesPylosRegionalArchaeological2004,
  title = {Pylos Regional Archaeological Project, Part {{VI}}: {{Administration}} and Settlement in {{Venetian Navarino}}},
  author = {Davies, Siriol},
  date = {2004},
  journaltitle = {Hesperia},
  pages = {59--120},
  publisher = {{JSTOR}},
  doi = {10/d7n9kq},
  file = {/Users/jenglaubius/Google Drive/Zotero/Davies/2004/Davies2004-Hesperia.pdf},
  isbn = {0018-098X}
}

@article{daviesTithecollectionVenetianPeloponnese1994,
  title = {Tithe-Collection in the {{Venetian Peloponnese}} 1696–1705},
  author = {Davies, Siriol},
  date = {1994},
  journaltitle = {Annual of the British School at Athens},
  volume = {89},
  pages = {443--455},
  publisher = {{Cambridge University Press}},
  doi = {10/ggpwnb},
  isbn = {2045-2403}
}

@article{daviesTithecollectionVenetianPeloponnese1994a,
  title = {Tithe-Collection in the {{Venetian Peloponnese}} 1696–1705},
  author = {Davies, Siriol},
  date = {1994},
  journaltitle = {Annual of the British School at Athens},
  volume = {89},
  pages = {443--455},
  publisher = {{Cambridge University Press}},
  doi = {10/ggpwnb},
  isbn = {2045-2403}
}

@thesis{dokosHeStereaHellas1975,
  title = {Hē {{Sterea Hellas}} Kata Ton {{Henetotourkikon}} Polemon, 1684-1699 Kai Ho {{Salōnōn Philotheos}}},
  author = {D̲okos, Kōnstantinos},
  date = {1975},
  institution = {{Hetaireia Stereoelladikōn Meletōn}}
}

@book{dokosVenetikoKtematologioTes1993,
  title = {To Venetiko ktematologio tes Vostitsas},
  author = {Dokos, Konstantinos. and Panagopoulos, Georgios D.},
  date = {1993},
  publisher = {{Morphotiko Institouto Agrotikes Trapezas}},
  location = {{Athena}},
  isbn = {960-8405-11-4 978-960-8405-11-0},
  langid = {Survey in Italian; editorial matter in Greek.}
}

@book{finlayHistoryGreeceIts1851,
  title = {The History of {{Greece}}: From Its Conquest by the Crusaders to Its Conquest by the {{Turks}}, and of the Empire of {{Trebizond}}: 1204-1461},
  author = {Finlay, George},
  date = {1851},
  publisher = {{W. Blackwood}}
}

@article{forbesEarlyModernGreece2007,
  title = {Early Modern {{Greece}}: Liquid Landscapes and Fluid Populations},
  author = {Forbes, Hamish},
  date = {2007},
  journaltitle = {Hesperia Supplements},
  volume = {40},
  pages = {111--135},
  publisher = {{JSTOR}},
  isbn = {1064-1173},
  keywords = {⛔ No DOI found}
}

@article{frangakisSettlementPatternChange1987,
  title = {Settlement {{Pattern Change}} in the {{Morea}} ({{Peloponnisos}}), Cad 1700-1830},
  author = {Frangakis, Elena and Wagstaff, Malcolm},
  date = {1987},
  journaltitle = {Byzantine and Modern Greek Studies},
  volume = {11},
  pages = {163--192},
  publisher = {{Cambridge University Press}},
  doi = {10/ggpwm2},
  isbn = {0307-0131}
}

@book{groveNatureMediterraneanEurope2003,
  title = {The Nature of {{Mediterranean Europe}}: An Ecological History},
  author = {Grove, Alfred Thomas and Rackham, Oliver},
  date = {2003},
  publisher = {{Yale University Press}},
  isbn = {0-300-10055-8}
}

@book{inalcikEconomicSocialHistory1997,
  title = {An Economic and Social History of the {{Ottoman Empire}}},
  author = {Inalcik, Halil and Faroqhi, Suraiya},
  date = {1997},
  volume = {1},
  publisher = {{Cambridge University Press}},
  isbn = {0-521-57456-0}
}

@article{inalcikPartOttomanState1994,
  title = {Part {{I}}. {{The Ottoman State}}: {{Economy}} and {{Society}}, 1300-1600},
  author = {Inalcik, Halil},
  date = {1994},
  journaltitle = {An Economic and Social History of the Ottoman Empire, 1300-1914},
  pages = {180--185},
  keywords = {⛔ No DOI found}
}

@book{katsiarde-heringVenezianischeKartenAls1993,
  title = {Venezianische {{Karten}} Als {{Grundlage}} Der Historischen {{Geographie}} Des Griechischen {{Siedlungsraumes}} (Ende 17. Und 18. Jh.)},
  author = {Katsiarde-Hering, Olga},
  date = {1993}
}

@inproceedings{kieRISEDECLINETURKISH1997,
  title = {{{THE RISE AND DECLINE OF TURKISH BOEOTIA}}, {{15TH}}-{{19TH CENTURY}} ({{REMARKS ON THE SETTLEMENT PATTERN}}, {{DEMOGRAPHY AND AGRICULTURAL PRODUCTION ACCORDING TO UNPUBLISHED OTTOMAN}}-{{TURKISH CENSUS}}-{{AND TAXATION RECORDS}}).},
  booktitle = {Recent Developments in the History and Archaeology of Central {{Greece}}: Proceedings of the 6th {{International Boeotian Conference}}},
  author = {Kie, Machiel},
  date = {1997},
  volume = {666},
  pages = {315},
  publisher = {{British Archaeological Reports Ltd}},
  isbn = {0-86054-858-9}
}

@article{liataNayplioKaiEndohora2002,
  title = {Το {{Ναύπλιο}} Και η Ενδοχώρα Του Από Τον 17 ο Στον 18 ο Αιώνα. {{Οικιστικά}} Μεγέθη Και Κατανομή Της Γης},
  author = {Liata, Eftyhia},
  date = {2002},
  journaltitle = {Οικιστικά μεγέθη και κατανομή της γης. Athens: Academy of Athens},
  keywords = {⛔ No DOI found}
}

@article{livieratosPrecursorsScientificMapping2014,
  title = {Precursors of Scientific Mapping of {{Peloponnese}}: Two Early 18 Th Century Rare {{Venetian}} Maps},
  author = {Livieratos, Evangelos and Boutoura, Chrysoula},
  date = {2014},
  journaltitle = {e-Perimetron},
  volume = {9},
  pages = {30--50},
  publisher = {{Citeseer}},
  file = {/Users/jenglaubius/Google Drive/Zotero/LivieratosBoutoura/2014/LivieratosBoutoura2014-e-Perimetron.pdf},
  keywords = {⛔ No DOI found},
  number = {1}
}

@book{lockFranksAegean120415002014,
  title = {The {{Franks}} in the {{Aegean}} : 1204-1500},
  author = {Lock, Peter},
  date = {2014},
  isbn = {978-1-138-83632-7 1-138-83632-X},
  langid = {english}
}

@article{luttrellLatinsLifeSmaller1989,
  title = {The {{Latins}} and Life on the Smaller {{Aegean Islands}}, 1204–1453},
  author = {Luttrell, Anthony T.},
  date = {1989},
  journaltitle = {Mediterranean Historical Review},
  volume = {4},
  pages = {146--157},
  publisher = {{Taylor \& Francis}},
  doi = {10/bq5fx3},
  isbn = {0951-8967},
  number = {1}
}

@article{malliarisPopulationExchangeIntegration2007,
  title = {Population Exchange and Integration of Immigrant Communities in the {{Venetian Morea}}, 1687-1715},
  author = {Malliaris, Alexis},
  date = {2007},
  journaltitle = {Hesperia Supplements},
  volume = {40},
  pages = {97--109},
  publisher = {{JSTOR}},
  isbn = {1064-1173},
  keywords = {⛔ No DOI found}
}

@book{mcgowanEconomicLifeOttoman1981,
  title = {Economic {{Life}} in {{Ottoman Europe}}: {{Taxation}}, {{Trade}} and the {{Struggle}} for {{Land}}, 1600-1800},
  author = {McGowan, Bruce and McGowan, Bruce William},
  date = {1981},
  volume = {5},
  publisher = {{Cambridge University Press}},
  isbn = {0-521-24208-8}
}

@book{mckenzieTurkishAthensForgotten1992,
  title = {Turkish {{Athens}}: The Forgotten Centuries 1456-1832},
  author = {Mckenzie, Molly},
  date = {1992},
  volume = {17},
  publisher = {{Ithaca}},
  isbn = {0-86372-144-3}
}

@online{mcneillVeniceHingeEurope2009,
  title = {Venice : The {{Hinge}} of {{Europe}}, 1081-1797.},
  author = {McNeill, William H.},
  date = {2009},
  publisher = {{University of Chicago Press}},
  location = {{Chicago, IL}},
  url = {http://public.eblib.com/choice/publicfullrecord.aspx?p=989193},
  abstract = {\& DIV \& \& P \& In this magisterial history, National Book Award winner William H. McNeill chronicles the interactions and disputes between Latin Christians and the Orthodox communities of eastern Europe during the period 1081-1797. Concentrating on Venice as the hinge of European history in the late medieval and early modern period, McNeill explores the technological, economic, and political bases of Venetian power and wealth, and the city's unique status at the frontier between the papal and Orthodox Christian worlds. He pays particular attention to Venetian influence upon southeastern Europe, and f.},
  isbn = {9780226561547 0226561542},
  langid = {english}
}

@book{meeRoughRockyPlace1997,
  title = {A {{Rough}} and {{Rocky Place}}: {{The Landscape}} and {{Settlement History}} of the {{Methana Peninsula}}, {{Greece}}: {{Results}} of the {{Methana Survey Project}}, {{Sponsored}} by the {{British School}} at {{Athens}} and the {{University}} of {{Liverpool}}},
  author = {Mee, Christopher and Forbes, Hamish Alexander},
  date = {1997},
  publisher = {{Liverpool University Press Liverpool}},
  isbn = {0-85323-741-7}
}

@book{millerLatinOrient1920,
  title = {The {{Latin Orient}}},
  author = {Miller, William},
  date = {1920},
  publisher = {{Society for promoting Christian knowledge}},
  number = {37}
}

@book{millerLatinsLevantHistory1908,
  title = {The {{Latins}} in the {{Levant}}: {{A History}} of {{Frankish Greece}} (1204-1566)},
  author = {Miller, William},
  date = {1908},
  publisher = {{London, J. Murray}}
}

@article{nanettiDocumentaVenetaCoroni1999,
  title = {Documenta {{Veneta Coroni}} \& {{Methoni Rogata}}},
  author = {Nanetti, Andrea},
  date = {1999},
  journaltitle = {Euristica e critica documentaria per gli oculi capitales Comunis Veneciarum (secoli XIV e XV)},
  volume = {1},
  pages = {110--11},
  keywords = {⛔ No DOI found}
}

@article{nikolaoyExislamismoiKaiEkhristianismoi1995,
  title = {Εξισλαμισμοί Και Εκχριστιανισμοί Στην {{Πελοπόννησο}} Από Τα Μέσα Του 17ου Αιώνα Έως Το 1716: Προβλήματα Έρευνας, Τα Πρώτα Συμπεράσματα},
  author = {Νικολάου, Γιώργος Β},
  date = {1995},
  journaltitle = {Βαλκανικά Σύμμεικτα},
  volume = {7},
  pages = {37--60},
  file = {/Users/jenglaubius/Google Drive/Zotero/Νικολάου/1995/Νικολάου1995-Βαλκανικά_Σύμμεικτα.pdf},
  isbn = {2407-9456},
  keywords = {⛔ No DOI found}
}

@article{ntokosBREVEDESCRITTIONEREGNO1993,
  title = {{{BREVE DESCRITTIONE DEL REGNO DI MOREA}}. {{Αφηγηματική}} Ιστορική Πηγή ή Επίσημο Βενετικό Έγγραφο Της {{Β}}'{{Βενετοκρατίας}} Στην {{Πελοπόννησο}}},
  author = {ΝΤΟΚΟΣ, ΚΩΝΣΤΑΝΤΙΝΟΣ},
  date = {1993},
  journaltitle = {Eoa kai Esperia},
  volume = {1},
  pages = {81--131},
  doi = {10/ggpwnk},
  file = {/Users/jenglaubius/Google Drive/Zotero/ΝΤΟΚΟΣ/1993/ΝΤΟΚΟΣ1993-Eoa_kai_Esperia.pdf},
  isbn = {2241-7540}
}

@article{ntokosOIASTIKESKOINOTITES2000,
  title = {{{ΟΙ ΑΣΤΙΚΕΣ ΚΟΙΝΟΤΗΤΕΣ ΚΑΙ ΟΙ ΑΓΓΑΡΕΙΕΣ ΤΟΥ ΔΗΜΟΣΙΟΥ ΣΤΗ ΒΕΝΕΤΟΚΡΑΤΟΥΜΕΝΗ ΠΕΛΟΠΟΝΝΗΣΟ}}},
  author = {ΝΤΟΚΟΣ, ΚΩΝΣΤΑΝΤΙΝΟΣ},
  date = {2000},
  journaltitle = {Eoa kai Esperia},
  volume = {4},
  pages = {243--281},
  doi = {10/ggpwn9},
  file = {/Users/jenglaubius/Google Drive/Zotero/ΝΤΟΚΟΣ/2000/ΝΤΟΚΟΣ2000-Eoa_kai_Esperia.pdf},
  isbn = {2241-7540}
}

@article{ntokosOIPELOPONNISIAKESPOLEIS2003,
  title = {{{ΟΙ ΠΕΛΟΠΟΝΝΗΣΙΑΚΕΣ ΠΟΛΕΙΣ ΚΑΙ Η ΜΕΤΑΣΤΟΙΧΕΙΩΣΗ ΤΟΥ ΠΛΗΘΥΣΜΟΥ ΤΟΥΣ ΚΑΤΑ ΤΗ Β}}'{{ΒΕΝΕΤΟΚΡΑΤΙΑ}}. {{ΤΟ ΠΑΡΑΔΕΙΓΜΑ ΤΗΣ ΤΡΙΠΟΛΙΤΣΑΣ}}},
  author = {ΝΤΟΚΟΣ, ΚΩΝΣΤΑΝΤΙΝΟΣ and ΒΑΣΙΛΑΚΗ, ΚΑΤΕΡΙΝΑ and ΒΙΟΛΙΔΑΚΗΣ, ΓΕΩΡΓΙΟΣ and ΛΕΜΠΕΣΗ, ΣΤΕΛΛΑ and ΜΑΝΔΗΛΑ, ΜΑΡΙΑ and ΜΗΤΟΥΛΑΚΗΣ, ΔΗΜΗΤΡΙΟΣ and ΠΕΡΡΑ, ΦΩΤΕΙΝΗ and ΠΕΣΛΗΣ, ΚΩΝΣΤΑΝΤΙΝΟΣ},
  date = {2003},
  journaltitle = {Eoa kai Esperia},
  volume = {5},
  pages = {89--146},
  doi = {10/ggpwng},
  file = {/Users/jenglaubius/Google Drive/Zotero/ΝΤΟΚΟΣEtAl/2003/ΝΤΟΚΟΣEtAl2003-Eoa_kai_Esperia.pdf},
  isbn = {2241-7540}
}

@thesis{panagiotopoylosPlithysmosKaiOikismoi1987a,
  title = {Πληθυσμ́ος Και Οικισμόι Της {{Πελοπονν́ησου}}: 13ος-18ος Αίωνας},
  author = {Παναγιωτ́οπουλος, Βασ́ιλης},
  date = {1987},
  institution = {{Ιστορικ́ο Αρχέιο Εμπορικ́η Τρ́απεζα της Ελλ́αδος}}
}

@book{patonVenetiansAthens168716881940,
  title = {The {{Venetians}} in {{Athens}}, 1687-1688, from the {{Istoria}} of {{Cristoforo Ivanovich}}},
  author = {Paton, James Morton and Ivanovich, Cristoforo},
  date = {1940},
  volume = {1},
  publisher = {{American School of Classical Studies}}
}

@book{pinzelliForteressesMoreeProjets2000,
  title = {Les Forteresses de {{Morée}}: Projets de Restaurations et de Démantèlements Durant La Seconde Période Vénitienne, 1687-1715},
  author = {Pinzelli, Eric GL},
  date = {2000},
  publisher = {{Benetia}}
}

@book{randolphPresentStateMorea1966,
  title = {The {{Present State}} of the {{Morea}}, {{Called Anciently Peloponnesus}}: {{Together}} with a {{Description}} of the {{City}} of {{Athens}}, {{Islands}} of {{Zant}}, {{Strafades}}, and {{Serigo}}. {{With}} the {{Maps}} of {{Morea}} and {{Greece}}, and {{Several Cities}}. {{Also}} a {{True Prospect}} of the {{Grand Serraglio}}, {{Or Imperial Palace}} of {{Constantinople}}, as It {{Appears}} from {{Galata}}: {{Curiously Engraved}} on {{Copper Plates}}},
  author = {Randolph, Bernard},
  date = {1966},
  volume = {18},
  publisher = {{W. Notts}}
}

@article{sauerweinSiedlungsbildPeloponnesUm1969,
  title = {Das {{Siedlungsbild}} Der {{Peloponnes}} Um Das {{Jahr}} 1700 ({{The Settlement Pattern}} of the {{Peleponnese}} around 1700)},
  author = {Sauerwein, Friedrich},
  date = {1969},
  journaltitle = {Erdkunde},
  pages = {237--244},
  publisher = {{JSTOR}},
  isbn = {0014-0015},
  keywords = {⛔ No DOI found}
}

@book{settonVeniceAustriaTurks1991,
  title = {Venice, {{Austria}}, and the {{Turks}} in the Seventeenth Century},
  author = {Setton, Kenneth Meyer},
  date = {1991},
  volume = {192},
  publisher = {{American Philosophical Society}},
  isbn = {0-87169-192-2}
}

@article{stouraitiColonialMappingLocal2008,
  title = {Colonial {{Mapping}} and {{Local Knowledge}} in the {{Venetian Empire}}, 1684-1715},
  author = {Stouraiti, Anastasia},
  date = {2008},
  publisher = {{European University Institute}},
  file = {/Users/jenglaubius/Google Drive/Zotero/Stouraiti/2008/Stouraiti2008.pdf},
  isbn = {1830-7728},
  keywords = {⛔ No DOI found}
}

@book{suttonContingentCountrysideSettlement2000,
  title = {Contingent {{Countryside}}: {{Settlement}}, {{Economy}}, and {{Land Use}} in the {{Southern Argolid}} since 1700},
  author = {Sutton, Susan Buck and Adams, Keith W.},
  date = {2000},
  publisher = {{Stanford University Press}},
  isbn = {0-8047-3315-5}
}

@book{toppingCoexistenceGreeksLatins1976,
  title = {Co-Existence of {{Greeks}} and {{Latins}} in {{Frankish Morea}} and {{Venetian Crete}}},
  author = {Topping, Peter},
  date = {1976},
  publisher = {{na}}
}

@book{toppingCrusadersConquerorsChronicle1965,
  title = {Crusaders as {{Conquerors}}: {{The Chronicle}} of {{Morea}}},
  author = {Topping, Peter},
  date = {1965},
  publisher = {{JSTOR}},
  isbn = {0038-7134}
}

@article{toppingDomenicoGrittiRelation1974,
  title = {Domenico {{Gritti}}'s {{Relation}} on the {{Organization}} of {{Venetian Morea}}, 1688-1691},
  author = {Topping, Peter},
  date = {1974},
  journaltitle = {Μνημόσυνον Σοφίας Αντωνιάδη},
  pages = {310--328},
  keywords = {⛔ No DOI found}
}

@article{toppingESTATESNICCOLOACCIAIUOLI1966,
  title = {{{ESTATES OF NICCOLÒ ACCIAIUOLI IN CEPHALONIA}}},
  author = {Topping, Peter},
  date = {1966},
  journaltitle = {Byzantion},
  volume = {36},
  pages = {544--559},
  publisher = {{JSTOR}},
  isbn = {0378-2506},
  keywords = {⛔ No DOI found},
  number = {2}
}

@book{toppingFeudalInstitutionsRevealed1949,
  title = {Feudal {{Institutions}} as {{Revealed}} in the {{Assizes}} of {{Romania}}, the {{Law Code}} of {{Frankish Greece}}: {{Translation}} of the {{Text}} of the {{Assizes}} with a {{Commentary}} on {{Feudal Institutions}} in {{Greece}} and {{Medieval Europe}}},
  author = {Topping, Peter W.},
  date = {1949},
  volume = {3},
  publisher = {{University of Pennsylvania Press}}
}

@article{toppingFrankishEstateBay1966,
  title = {A {{Frankish Estate Near}} the {{Bay}} of {{Navarino}}},
  author = {Topping, Peter},
  date = {1966},
  journaltitle = {Hesperia: The Journal of the American School of Classical Studies at Athens},
  volume = {35},
  pages = {427--436},
  publisher = {{JSTOR}},
  doi = {10/dwgc25},
  isbn = {0018-098X},
  number = {4}
}

@article{toppingPostclassicalDocuments1972,
  title = {The Post-Classical Documents},
  author = {Topping, Peter},
  date = {1972},
  journaltitle = {McDonald and Rapp},
  volume = {1972},
  pages = {64--80},
  keywords = {⛔ No DOI found}
}

@article{toppingPREMODERNPELOPONNESUSLAND1976,
  title = {{{PREMODERN PELOPONNESUS}}: {{THE LAND AND THE PEOPLE UNDER VENETIAN RULE}} (1685‐1715)* {{Premodern Peloponnesus}}},
  author = {Topping, Peter},
  date = {1976},
  journaltitle = {Annals of the New York Academy of Sciences},
  volume = {268},
  pages = {92--108},
  publisher = {{Wiley Online Library}},
  doi = {10/cjthq5},
  isbn = {0077-8923},
  number = {1}
}

@book{toppingRegimeAgraireDans1956,
  title = {Le Régime Agraire Dans Le {{Péloponnèse}} Latin Au {{XIVe}} Siëcle},
  author = {Topping, Peter W.},
  date = {1956}
}

@article{toppingSouthernArgolidByzantine2000,
  title = {The Southern {{Argolid}} from {{Byzantine}} to {{Ottoman}} Times},
  author = {Topping, Peter W.},
  date = {2000},
  journaltitle = {Contingent Countryside: Settlement, Economy, and Land Use in the Southern Argolid Since},
  volume = {1700},
  pages = {25--40},
  keywords = {⛔ No DOI found}
}

@article{wagstaffFamilySizePeloponnese2001,
  title = {Family Size in the {{Peloponnese}} ({{Southern Greece}}) in 1700},
  author = {Wagstaff, Malcolm},
  date = {2001},
  journaltitle = {Journal of family history},
  volume = {26},
  pages = {337--349},
  publisher = {{Sage Publications Sage CA: Thousand Oaks, CA}},
  doi = {10/dwp3ks},
  isbn = {0363-1990},
  number = {3}
}

@inproceedings{wagstaffTwoUnpublishedMaps1996,
  title = {Two Unpublished Maps of the {{Morea}} from the Second {{Venetian}} Period},
  booktitle = {Proceedings {{V Conference}} of {{Peloponnesian Studies}}},
  author = {Wagstaff, M. and Chrysochoou-Stavridou, S.},
  date = {1996},
  volume = {4},
  pages = {289--316},
  keywords = {⛔ No DOI found}
}

@article{wagstaffWarSettlementDesertion1978,
  title = {War and Settlement Desertion in the {{Morea}}, 1685-1830},
  author = {Wagstaff, J. M.},
  date = {1978},
  journaltitle = {Transactions of the Institute of British Geographers},
  pages = {295--308},
  publisher = {{JSTOR}},
  doi = {10/b8js3r},
  file = {/Users/jenglaubius/Google Drive/Zotero/Wagstaff/1978/Wagstaff1978-Transactions_of_the_Institute_of_British_Geographers.pdf},
  isbn = {0020-2754}
}

@book{zarinebafHistoricalEconomicGeography2005,
  title = {A Historical and Economic Geography of {{Ottoman Greece}} : The Southwestern {{Morea}} in the 18th Century},
  author = {Zarinebaf, F. and Bennet, John and Davis, Jack L.},
  date = {2005},
  publisher = {{American School of Classical Studies at Athens}},
  location = {{[Princeton, N.J.]}},
  abstract = {Accompanying CD-ROM contains ... "additional information related to the book A Historical and Economic Geography of Ottoman Greece, as well as software ..."--CD-ROM label.},
  isbn = {0-87661-534-5 978-0-87661-534-8},
  langid = {english}
}


